<record><leader>00000cas a2200000 a 4500</leader><controlfield tag="001">12600664</controlfield><controlfield tag="008">850925d18881890ksudr ne      0    0eng d</controlfield><datafield ind1=" " ind2=" " tag="010"><subfield code="a">sn 85032562 </subfield></datafield><datafield ind1=" " ind2=" " tag="040"><subfield code="a">KSH</subfield><subfield code="b">eng</subfield><subfield code="c">KSH</subfield><subfield code="d">NPT</subfield><subfield code="d">OCL</subfield><subfield code="d">OCLCQ</subfield></datafield><datafield ind1=" " ind2=" " tag="042"><subfield code="a">msc</subfield></datafield><datafield ind1="0" ind2="4" tag="245"><subfield code="a">The Evening news-beacon.</subfield></datafield><datafield ind1=" " ind2=" " tag="260"><subfield code="a">Wichita, Kan. :</subfield><subfield code="b">Frederick N. Peck,</subfield><subfield code="c">1888-1890.</subfield></datafield><datafield ind1=" " ind2=" " tag="300"><subfield code="a">3 v. :</subfield><subfield code="b">ill.</subfield></datafield><datafield ind1=" " ind2=" " tag="310"><subfield code="a">Daily (except Sunday)</subfield></datafield><datafield ind1="0" ind2=" " tag="362"><subfield code="a">Vol. 11, no. 34 (Nov. 1, 1888)-v. 14, no. 133 (Sept. 6, 1890).</subfield></datafield><datafield ind1=" " ind2=" " tag="500"><subfield code="a">Democratic.</subfield></datafield><datafield ind1=" " ind2=" " tag="515"><subfield code="a">Numbering is irregular.</subfield></datafield><datafield ind1=" " ind2=" " tag="580"><subfield code="a">Issued also in weekly edition called: Wichita weekly beacon.</subfield></datafield><datafield ind1=" " ind2=" " tag="752"><subfield code="a">United States</subfield><subfield code="b">Kansas</subfield><subfield code="c">Sedgwick</subfield><subfield code="d">Wichita.</subfield></datafield><datafield ind1="1" ind2=" " tag="775"><subfield code="t">Wichita weekly beacon</subfield><subfield code="w">(DLC)sn 84027680</subfield></datafield><datafield ind1="0" ind2="0" tag="780"><subfield code="t">Wichita daily beacon (Wichita, Kan. : 1879)</subfield><subfield code="w">(DLC)sn 85032561</subfield></datafield><datafield ind1="0" ind2="0" tag="785"><subfield code="t">Wichita daily beacon (Wichita, Kan. : 1890)</subfield><subfield code="w">(DLC)sn 85032563</subfield></datafield><datafield ind1="1" ind2=" " tag="029"><subfield code="a">AU@</subfield><subfield code="b">000022166200</subfield></datafield></record>